<?xml version="1.0" encoding="UTF-8"?><record xmlns="http://www.loc.gov/MARC21/slim" xmlns:cinclude="http://apache.org/cocoon/include/1.0" xmlns:zs="http://www.loc.gov/zing/srw/">
  <leader>00592cz  a2200157n  4500</leader>
  <controlfield tag="001">n  80106978 </controlfield>
  <controlfield tag="003">DLC</controlfield>
  <controlfield tag="005">20160308145013.0</controlfield>
  <controlfield tag="008">800922n| azannaabn          |a aaa      </controlfield>
  <datafield tag="010" ind1=" " ind2=" ">
    <subfield code="a">n  80106978 </subfield>
  </datafield>
  <datafield tag="035" ind1=" " ind2=" ">
    <subfield code="a">(OCoLC)oca00487796</subfield>
  </datafield>
  <datafield tag="040" ind1=" " ind2=" ">
    <subfield code="a">DLC</subfield>
    <subfield code="b">eng</subfield>
    <subfield code="e">rda</subfield>
    <subfield code="c">DLC</subfield>
    <subfield code="d">DLC</subfield>
    <subfield code="d">OCoLC</subfield>
    <subfield code="d">DLC</subfield>
  </datafield>
  <datafield tag="100" ind1="1" ind2=" ">
    <subfield code="a">Zhimerin, D. G.</subfield>
    <subfield code="q">(Dmitriĭ Georgievich)</subfield>
  </datafield>
  <datafield tag="400" ind1="1" ind2=" ">
    <subfield code="w">nnea</subfield>
    <subfield code="a">Zhimerin, Dmitriĭ Georgievich</subfield>
  </datafield>
  <datafield tag="670" ind1=" " ind2=" ">
    <subfield code="a">His Ėlektrifikat︠s︡ii︠a︡ narodnogo khozi︠a︡ĭstva SSSR, 1954.</subfield>
  </datafield>
  <datafield tag="670" ind1=" " ind2=" ">
    <subfield code="a">Sovremennye problemy ėnergetiki, 1984:</subfield>
    <subfield code="b">t.p. (D. G. Zhimerina) colophon (Dmitriĭ Georgievich Zhimerin)</subfield>
  </datafield>
</record>